<?xml version="1.0" encoding="UTF-8"?><collection xmlns="http://www.loc.gov/MARC21/slim"><record><leader>00411nam--2200145-i-4500</leader><controlfield tag="001">000015078</controlfield><controlfield tag="002">20161230</controlfield><controlfield tag="005">20161230201031</controlfield><controlfield tag="008">060222s1000------------r-----000-0-eng-d</controlfield><datafield ind1=" " ind2=" " tag="100"><subfield code="a">Creanga, Ioan Si Luchian, Tudora</subfield></datafield><datafield ind1=" " ind2=" " tag="245"><subfield code="a">Introducere in calculul tensorial</subfield></datafield><datafield ind1=" " ind2=" " tag="260"><subfield code="a">Bucuresti, Editura Didactica Si Pedagogica, 1963</subfield></datafield><datafield ind1=" " ind2=" " tag="300"><subfield code="a">320 p</subfield></datafield><datafield ind1=" " ind2=" " tag="852"><subfield code="a">77255</subfield><subfield code="c">512.94:512.972</subfield></datafield><datafield ind1=" " ind2=" " tag="CAT"><subfield code="a">Sys</subfield><subfield code="c">20080526</subfield><subfield code="h">120453</subfield></datafield></record></collection>